@misc{https://doi.org/10.48550/arxiv.1506.02897,
  doi = {10.48550/ARXIV.1506.02897},
  
  url = {https://arxiv.org/abs/1506.02897},
  
  author = {Pfister, Tomas and Charles, James and Zisserman, Andrew},
  
  keywords = {Computer Vision and Pattern Recognition (cs.CV), FOS: Computer and information sciences, FOS: Computer and information sciences},
  
  title = {Flowing ConvNets for Human Pose Estimation in Videos},
  
  publisher = {arXiv},
  
  year = {2015},
  
  copyright = {arXiv.org perpetual, non-exclusive license}
}

@misc{https://doi.org/10.48550/arxiv.1712.09184,
  doi = {10.48550/ARXIV.1712.09184},
  
  url = {https://arxiv.org/abs/1712.09184},
  
  author = {Girdhar, Rohit and Gkioxari, Georgia and Torresani, Lorenzo and Paluri, Manohar and Tran, Du},
  
  keywords = {Computer Vision and Pattern Recognition (cs.CV), FOS: Computer and information sciences, FOS: Computer and information sciences},
  
  title = {Detect-and-Track: Efficient Pose Estimation in Videos},
  
  publisher = {arXiv},
  
  year = {2017},
  
  copyright = {arXiv.org perpetual, non-exclusive license}
}

@misc{https://doi.org/10.48550/arxiv.1712.06316,
  doi = {10.48550/ARXIV.1712.06316},
  
  url = {https://arxiv.org/abs/1712.06316},
  
  author = {Luo, Yue and Ren, Jimmy and Wang, Zhouxia and Sun, Wenxiu and Pan, Jinshan and Liu, Jianbo and Pang, Jiahao and Lin, Liang},
  
  keywords = {Computer Vision and Pattern Recognition (cs.CV), FOS: Computer and information sciences, FOS: Computer and information sciences},
  
  title = {LSTM Pose Machines},
  
  publisher = {arXiv},
  
  year = {2017},
  
  copyright = {arXiv.org perpetual, non-exclusive license}
}

@misc{https://doi.org/10.48550/arxiv.2001.08095,
  doi = {10.48550/ARXIV.2001.08095},
  
  url = {https://arxiv.org/abs/2001.08095},
  
  author = {Artacho, Bruno and Savakis, Andreas},
  
  keywords = {Computer Vision and Pattern Recognition (cs.CV), FOS: Computer and information sciences, FOS: Computer and information sciences},
  
  title = {UniPose: Unified Human Pose Estimation in Single Images and Videos},
  
  publisher = {arXiv},
  
  year = {2020},
  
  copyright = {arXiv.org perpetual, non-exclusive license}
}

@misc{https://doi.org/10.48550/arxiv.1611.08050,
  doi = {10.48550/ARXIV.1611.08050},
  
  url = {https://arxiv.org/abs/1611.08050},
  
  author = {Cao, Zhe and Simon, Tomas and Wei, Shih-En and Sheikh, Yaser},
  
  keywords = {Computer Vision and Pattern Recognition (cs.CV), FOS: Computer and information sciences, FOS: Computer and information sciences},
  
  title = {Realtime Multi-Person 2D Pose Estimation using Part Affinity Fields},
  
  publisher = {arXiv},
  
  year = {2016},
  
  copyright = {arXiv.org perpetual, non-exclusive license}
}

@misc{https://doi.org/10.48550/arxiv.2203.08713,
  doi = {10.48550/ARXIV.2203.08713},
  
  url = {https://arxiv.org/abs/2203.08713},
  
  author = {Zeng, Ailing and Ju, Xuan and Yang, Lei and Gao, Ruiyuan and Zhu, Xizhou and Dai, Bo and Xu, Qiang},
  
  keywords = {Computer Vision and Pattern Recognition (cs.CV), FOS: Computer and information sciences, FOS: Computer and information sciences},
  
  title = {DeciWatch: A Simple Baseline for 10x Efficient 2D and 3D Pose Estimation},
  
  publisher = {arXiv},
  
  year = {2022},
  
  copyright = {Creative Commons Attribution 4.0 International}
}

@misc{https://doi.org/10.48550/arxiv.1706.03762,
  doi = {10.48550/ARXIV.1706.03762},
  
  url = {https://arxiv.org/abs/1706.03762},
  
  author = {Vaswani, Ashish and Shazeer, Noam and Parmar, Niki and Uszkoreit, Jakob and Jones, Llion and Gomez, Aidan N. and Kaiser, Lukasz and Polosukhin, Illia},
  
  keywords = {Computation and Language (cs.CL), Machine Learning (cs.LG), FOS: Computer and information sciences, FOS: Computer and information sciences},
  
  title = {Attention Is All You Need},
  
  publisher = {arXiv},
  
  year = {2017},
  
  copyright = {arXiv.org perpetual, non-exclusive license}
}

@Article{HochSchm97,
  author      = {Sepp Hochreiter and Jürgen Schmidhuber},
  journal     = {Neural Computation},
  title       = {Long Short-Term Memory},
  year        = {1997},
  number      = {8},
  pages       = {1735--1780},
  volume      = {9},
  optdoi      = {10.1162/neco.1997.9.8.1735},
  opteprint   = {http://dx.doi.org/10.1162/neco.1997.9.8.1735},
  opturl      = {http://dx.doi.org/10.1162/neco.1997.9.8.1735},
}

@INPROCEEDINGS{6618926,
  author={Pishchulin, Leonid and Andriluka, Mykhaylo and Gehler, Peter and Schiele, Bernt},
  booktitle={2013 IEEE Conference on Computer Vision and Pattern Recognition}, 
  title={Poselet Conditioned Pictorial Structures}, 
  year={2013},
  volume={},
  number={},
  pages={588-595},
  doi={10.1109/CVPR.2013.82}
}

@ARTICLE{6380498,
  author={Yang, Yi and Ramanan, Deva},
  journal={IEEE Transactions on Pattern Analysis and Machine Intelligence}, 
  title={Articulated Human Detection with Flexible Mixtures of Parts}, 
  year={2013},
  volume={35},
  number={12},
  pages={2878-2890},
  doi={10.1109/TPAMI.2012.261}}

@InProceedings{10.1007/978-3-642-33715-4_19,
  author="Tian, Yuandong
  and Zitnick, C. Lawrence
  and Narasimhan, Srinivasa G.",
  editor="Fitzgibbon, Andrew
  and Lazebnik, Svetlana
  and Perona, Pietro
  and Sato, Yoichi
  and Schmid, Cordelia",
  title="Exploring the Spatial Hierarchy of Mixture Models for Human Pose Estimation",
  booktitle="Computer Vision -- ECCV 2012",
  year="2012",
  publisher="Springer Berlin Heidelberg",
  address="Berlin, Heidelberg",
  pages="256--269",
  isbn="978-3-642-33715-4"
}

@misc{https://doi.org/10.48550/arxiv.1602.00134,
  doi = {10.48550/ARXIV.1602.00134},
  
  url = {https://arxiv.org/abs/1602.00134},
  
  author = {Wei, Shih-En and Ramakrishna, Varun and Kanade, Takeo and Sheikh, Yaser},
  
  keywords = {Computer Vision and Pattern Recognition (cs.CV), FOS: Computer and information sciences, FOS: Computer and information sciences},
  
  title = {Convolutional Pose Machines},
  
  publisher = {arXiv},
  
  year = {2016},
  
  copyright = {arXiv.org perpetual, non-exclusive license}
}

@misc{https://doi.org/10.48550/arxiv.1603.06937,
  doi = {10.48550/ARXIV.1603.06937},
  
  url = {https://arxiv.org/abs/1603.06937},
  
  author = {Newell, Alejandro and Yang, Kaiyu and Deng, Jia},
  
  keywords = {Computer Vision and Pattern Recognition (cs.CV), FOS: Computer and information sciences, FOS: Computer and information sciences},
  
  title = {Stacked Hourglass Networks for Human Pose Estimation},
  
  publisher = {arXiv},
  
  year = {2016},
  
  copyright = {arXiv.org perpetual, non-exclusive license}
}

@misc{https://doi.org/10.48550/arxiv.1812.08008,
  doi = {10.48550/ARXIV.1812.08008},
  
  url = {https://arxiv.org/abs/1812.08008},
  
  author = {Cao, Zhe and Hidalgo, Gines and Simon, Tomas and Wei, Shih-En and Sheikh, Yaser},
  
  keywords = {Computer Vision and Pattern Recognition (cs.CV), FOS: Computer and information sciences, FOS: Computer and information sciences},
  
  title = {OpenPose: Realtime Multi-Person 2D Pose Estimation using Part Affinity Fields},
  
  publisher = {arXiv},
  
  year = {2018},
  
  copyright = {arXiv.org perpetual, non-exclusive license}
}

@misc{https://doi.org/10.48550/arxiv.1703.06870,
  doi = {10.48550/ARXIV.1703.06870},
  
  url = {https://arxiv.org/abs/1703.06870},
  
  author = {He, Kaiming and Gkioxari, Georgia and Dollár, Piotr and Girshick, Ross},
  
  keywords = {Computer Vision and Pattern Recognition (cs.CV), FOS: Computer and information sciences, FOS: Computer and information sciences},
  
  title = {Mask R-CNN},
  
  publisher = {arXiv},
  
  year = {2017},
  
  copyright = {arXiv.org perpetual, non-exclusive license}
}

@misc{https://doi.org/10.48550/arxiv.2204.12484,
  doi = {10.48550/ARXIV.2204.12484},
  
  url = {https://arxiv.org/abs/2204.12484},
  
  author = {Xu, Yufei and Zhang, Jing and Zhang, Qiming and Tao, Dacheng},
  
  keywords = {Computer Vision and Pattern Recognition (cs.CV), FOS: Computer and information sciences, FOS: Computer and information sciences},
  
  title = {ViTPose: Simple Vision Transformer Baselines for Human Pose Estimation},
  
  publisher = {arXiv},
  
  year = {2022},
  
  copyright = {arXiv.org perpetual, non-exclusive license}
}

@misc{https://doi.org/10.48550/arxiv.2012.14214,
  doi = {10.48550/ARXIV.2012.14214},
  
  url = {https://arxiv.org/abs/2012.14214},
  
  author = {Yang, Sen and Quan, Zhibin and Nie, Mu and Yang, Wankou},
  
  keywords = {Computer Vision and Pattern Recognition (cs.CV), FOS: Computer and information sciences, FOS: Computer and information sciences},
  
  title = {TransPose: Keypoint Localization via Transformer},
  
  publisher = {arXiv},
  
  year = {2020},
  
  copyright = {arXiv.org perpetual, non-exclusive license}
}

@article{lecun1995convolutional,
  title={Convolutional networks for images, speech, and time series},
  author={LeCun, Yann and Bengio, Yoshua and others},
  journal={The handbook of brain theory and neural networks},
  volume={3361},
  number={10},
  pages={1995},
  year={1995},
  publisher={Citeseer}
}

@misc{mask_rcnn_explained,
  url = {https://www.shuffleai.blog/blog/Understanding_Mask_R-CNN_Basic_Architecture.html},
  author = {Xiang Zhang},
  title = {Undertanding Mask R-CNN Basic Architecture},
  publisher = {SHUFFLE},
  year = {2021}
}

@misc{https://doi.org/10.48550/arxiv.1512.03385,
  doi = {10.48550/ARXIV.1512.03385},
  
  url = {https://arxiv.org/abs/1512.03385},
  
  author = {He, Kaiming and Zhang, Xiangyu and Ren, Shaoqing and Sun, Jian},
  
  keywords = {Computer Vision and Pattern Recognition (cs.CV), FOS: Computer and information sciences, FOS: Computer and information sciences},
  
  title = {Deep Residual Learning for Image Recognition},
  
  publisher = {arXiv},
  
  year = {2015},
  
  copyright = {arXiv.org perpetual, non-exclusive license}
}

@INPROCEEDINGS{penn_action,
  author={Zhang, Weiyu and Zhu, Menglong and Derpanis, Konstantinos G.},
  booktitle={2013 IEEE International Conference on Computer Vision}, 
  title={From Actemes to Action: A Strongly-Supervised Representation for Detailed Action Understanding}, 
  year={2013},
  volume={},
  number={},
  pages={2248-2255},
  doi={10.1109/ICCV.2013.280}
}

@article{BRACE,
author = {Moltisanti, Davide and Wu, Jinyi and Dai, Bo and Loy, Chen Change},
title = {{BRACE: The Breakdancing Competition Dataset for Dance Motion Synthesis}},
journal = {European Conference on Computer Vision (ECCV)},
year = {2022}
}

@book{DL_book,
  title={Deep Learning},
  author={Ian Goodfellow and Yoshua Bengio and Aaron Courville},
  publisher={MIT Press},
  note={\url{http://www.deeplearningbook.org}},
  year={2016}
}

@INPROCEEDINGS{everything,
  author={Ponti, Moacir Antonelli and Ribeiro, Leonardo Sampaio Ferraz and Nazare, Tiago Santana and Bui, Tu and Collomosse, John},
  booktitle={2017 30th SIBGRAPI Conference on Graphics, Patterns and Images Tutorials (SIBGRAPI-T)}, 
  title={Everything You Wanted to Know about Deep Learning for Computer Vision but Were Afraid to Ask}, 
  year={2017},
  volume={},
  number={},
  pages={17-41},
  doi={10.1109/SIBGRAPI-T.2017.12}
}

@mastersthesis{bsc_thesis,
  author  = {André Oskar Andersen},
  school  = {University of Copenhagen, Department of Computer Science},
  title   = {2D Articulated Human Pose Estimation, Using Explainable Artifical Intelligence},
  year    = {2020},
  type    = {Bachelor's Thesis},
}

@misc{conv_lstm,
  title={Convolutional LSTM Network: A Machine Learning Approach for Precipitation Nowcasting}, 
  author={Xingjian Shi and Zhourong Chen and Hao Wang and Dit-Yan Yeung and Wai-kin Wong and Wang-chun Woo},
  year={2015},
  eprint={1506.04214},
  archivePrefix={arXiv},
  primaryClass={cs.CV}
}

@article{d2l,
  title={Dive into Deep Learning},
  author={Zhang, Aston and Lipton, Zachary C. and Li, Mu and Smola, Alexander J.},
  journal={arXiv preprint arXiv:2106.11342},
  year={2021}
}

@book{ISL,
  author         = {Gareth James and Daniela Witten and Trevor Hastie and Robert Tibshirani},
  title          = {An Introduction to Statistical Learning with Applications in R. First Edition},
  publisher      = {Springer},
  year           = {2017}
}