@misc{https://doi.org/10.48550/arxiv.1506.02897,
  doi = {10.48550/ARXIV.1506.02897},
  
  url = {https://arxiv.org/abs/1506.02897},
  
  author = {Pfister, Tomas and Charles, James and Zisserman, Andrew},
  
  keywords = {Computer Vision and Pattern Recognition (cs.CV), FOS: Computer and information sciences, FOS: Computer and information sciences},
  
  title = {Flowing ConvNets for Human Pose Estimation in Videos},
  
  publisher = {arXiv},
  
  year = {2015},
  
  copyright = {arXiv.org perpetual, non-exclusive license}
}

@misc{https://doi.org/10.48550/arxiv.1712.09184,
  doi = {10.48550/ARXIV.1712.09184},
  
  url = {https://arxiv.org/abs/1712.09184},
  
  author = {Girdhar, Rohit and Gkioxari, Georgia and Torresani, Lorenzo and Paluri, Manohar and Tran, Du},
  
  keywords = {Computer Vision and Pattern Recognition (cs.CV), FOS: Computer and information sciences, FOS: Computer and information sciences},
  
  title = {Detect-and-Track: Efficient Pose Estimation in Videos},
  
  publisher = {arXiv},
  
  year = {2017},
  
  copyright = {arXiv.org perpetual, non-exclusive license}
}

@misc{https://doi.org/10.48550/arxiv.1712.06316,
  doi = {10.48550/ARXIV.1712.06316},
  
  url = {https://arxiv.org/abs/1712.06316},
  
  author = {Luo, Yue and Ren, Jimmy and Wang, Zhouxia and Sun, Wenxiu and Pan, Jinshan and Liu, Jianbo and Pang, Jiahao and Lin, Liang},
  
  keywords = {Computer Vision and Pattern Recognition (cs.CV), FOS: Computer and information sciences, FOS: Computer and information sciences},
  
  title = {LSTM Pose Machines},
  
  publisher = {arXiv},
  
  year = {2017},
  
  copyright = {arXiv.org perpetual, non-exclusive license}
}

@misc{https://doi.org/10.48550/arxiv.2001.08095,
  doi = {10.48550/ARXIV.2001.08095},
  
  url = {https://arxiv.org/abs/2001.08095},
  
  author = {Artacho, Bruno and Savakis, Andreas},
  
  keywords = {Computer Vision and Pattern Recognition (cs.CV), FOS: Computer and information sciences, FOS: Computer and information sciences},
  
  title = {UniPose: Unified Human Pose Estimation in Single Images and Videos},
  
  publisher = {arXiv},
  
  year = {2020},
  
  copyright = {arXiv.org perpetual, non-exclusive license}
}

@misc{https://doi.org/10.48550/arxiv.1611.08050,
  doi = {10.48550/ARXIV.1611.08050},
  
  url = {https://arxiv.org/abs/1611.08050},
  
  author = {Cao, Zhe and Simon, Tomas and Wei, Shih-En and Sheikh, Yaser},
  
  keywords = {Computer Vision and Pattern Recognition (cs.CV), FOS: Computer and information sciences, FOS: Computer and information sciences},
  
  title = {Realtime Multi-Person 2D Pose Estimation using Part Affinity Fields},
  
  publisher = {arXiv},
  
  year = {2016},
  
  copyright = {arXiv.org perpetual, non-exclusive license}
}

@misc{https://doi.org/10.48550/arxiv.2203.08713,
  doi = {10.48550/ARXIV.2203.08713},
  
  url = {https://arxiv.org/abs/2203.08713},
  
  author = {Zeng, Ailing and Ju, Xuan and Yang, Lei and Gao, Ruiyuan and Zhu, Xizhou and Dai, Bo and Xu, Qiang},
  
  keywords = {Computer Vision and Pattern Recognition (cs.CV), FOS: Computer and information sciences, FOS: Computer and information sciences},
  
  title = {DeciWatch: A Simple Baseline for 10x Efficient 2D and 3D Pose Estimation},
  
  publisher = {arXiv},
  
  year = {2022},
  
  copyright = {Creative Commons Attribution 4.0 International}
}

@misc{https://doi.org/10.48550/arxiv.1706.03762,
  doi = {10.48550/ARXIV.1706.03762},
  
  url = {https://arxiv.org/abs/1706.03762},
  
  author = {Vaswani, Ashish and Shazeer, Noam and Parmar, Niki and Uszkoreit, Jakob and Jones, Llion and Gomez, Aidan N. and Kaiser, Lukasz and Polosukhin, Illia},
  
  keywords = {Computation and Language (cs.CL), Machine Learning (cs.LG), FOS: Computer and information sciences, FOS: Computer and information sciences},
  
  title = {Attention Is All You Need},
  
  publisher = {arXiv},
  
  year = {2017},
  
  copyright = {arXiv.org perpetual, non-exclusive license}
}


@Article{HochSchm97,
  author      = {Sepp Hochreiter and JÃ¼rgen Schmidhuber},
  journal     = {Neural Computation},
  title       = {Long Short-Term Memory},
  year        = {1997},
  number      = {8},
  pages       = {1735--1780},
  volume      = {9},
  optdoi      = {10.1162/neco.1997.9.8.1735},
  opteprint   = {http://dx.doi.org/10.1162/neco.1997.9.8.1735},
  opturl      = {http://dx.doi.org/10.1162/neco.1997.9.8.1735},
}